
@article{AcemogluJohnsonRobinson01,
  author  = {Daron Acemoglu and Simon Johnson and James A. Robinson},
  journal = {The American Economic Review},
  month   = dec,
  number  = {5},
  pages   = {1369-1401},
  title   = {The Colonial Origins of Comparative Development: An Empirical Investigation},
  volume  = {91},
  year    = {2001}
}
